<record xmlns="http://www.loc.gov/MARC21/slim" xmlns:xsi="http://www.w3.org/2001/XMLSchema-instance" xsi:schemaLocation="http://www.loc.gov/MARC21/slim http://www.loc.gov/standards/marcxml/schema/MARC21slim.xsd"><leader>01552nam a2200325   4500</leader><controlfield tag="001">001683069</controlfield><controlfield tag="003">NNU</controlfield><controlfield tag="006">m        d        </controlfield><controlfield tag="007">cr cn |||m|||a</controlfield><controlfield tag="008">150116m19681969iq      ob    000 0 arard</controlfield><datafield ind1=" " ind2=" " tag="040"><subfield code="a">NNU</subfield><subfield code="b">eng</subfield><subfield code="c">NNU</subfield></datafield><datafield ind1="0" ind2="0" tag="050"><subfield code="a">PJ6161</subfield><subfield code="b">.I285</subfield></datafield><datafield ind1="1" ind2=" " tag="100"><subfield code="a">Ibn Ma&#699;&#7779;&#363;m, &#699;Al&#299; ibn A&#7717;mad,</subfield><subfield code="d">1642-ca. 1707.</subfield></datafield><datafield ind1="1" ind2="0" tag="245"><subfield code="a">Anw&#257;r al-rab&#299;&#699; f&#299; anw&#257;&#699; al-bad&#299;&#699;</subfield><subfield code="h">[electronic resource] /</subfield><subfield code="c">ta&#700;l&#299;f &#699;Al&#299; &#7778;adr al-D&#299;n ibn Ma&#699;&#7779;&#363;m al-Madan&#299; ; &#7717;aqqaqahu wa-tarjama li-shu&#699;ar&#257;&#700;ihi Sh&#257;kir H&#257;d&#299; Shukr.</subfield></datafield><datafield ind1=" " ind2=" " tag="260"><subfield code="a">Karbal&#257;&#700; :</subfield><subfield code="b">Maktabat al-&#699;Irf&#257;n,</subfield><subfield code="c">1968-1969.</subfield></datafield><datafield ind1=" " ind2=" " tag="300"><subfield code="a">online resource (7 v.)</subfield></datafield><datafield ind1=" " ind2=" " tag="500"><subfield code="a">Title on added t. p.: Anwar ul rabie fi anwa il badie.</subfield></datafield><datafield ind1=" " ind2=" " tag="500"><subfield code="a">Vol. 7: Fah&#257;ris al-kit&#257;b.</subfield></datafield><datafield ind1=" " ind2=" " tag="500"><subfield code="a">Bibliography: v. 7, p. 379-411.</subfield></datafield><datafield ind1=" " ind2=" " tag="500"><subfield code="a">Part of the Arabic Collections Online (ACO) project, contributed by New York Univeristy Libraries.</subfield></datafield><datafield ind1=" " ind2=" " tag="533"><subfield code="a">Electronic reproduction.</subfield><subfield code="b">New York, N.Y. :</subfield><subfield code="c">New York University,</subfield><subfield code="d">2015.</subfield><subfield code="5">NNU</subfield></datafield><datafield ind1=" " ind2="0" tag="650"><subfield code="a">Arabic language</subfield><subfield code="x">Figures of speech</subfield><subfield code="v">Early works to 1800.</subfield></datafield><datafield ind1="1" ind2=" " tag="700"><subfield code="a">Shukr, Sh&#257;kir H&#257;d&#299;.</subfield></datafield><datafield ind1="2" ind2=" " tag="710"><subfield code="a">New York University.</subfield><subfield code="b">Libraries.</subfield></datafield><datafield ind1="0" ind2=" " tag="730"><subfield code="a">Arabic Collections Online.</subfield></datafield><datafield ind1="0" ind2=" " tag="740"><subfield code="a">Anwar ul rabie fi anwa il badie.</subfield></datafield><datafield ind1="0" ind2="8" tag="776"><subfield code="i">Print version:</subfield><subfield code="a">Ibn Ma&#699;&#7779;&#363;m, &#699;Al&#299; ibn A&#7717;mad, 1642-ca. 1707.</subfield><subfield code="t">Anw&#257;r al-rab&#299;&#699; f&#299; anw&#257;&#699; al-bad&#299;&#699;</subfield><subfield code="w">(NNU)001683069</subfield><subfield code="w">(DLC)74232292 /NE</subfield></datafield><datafield ind1="4" ind2="0" tag="856"><subfield code="u">http://hdl.handle.net/2333.1/nvx0k8qt</subfield></datafield><datafield ind1=" " ind2=" " tag="959"><subfield code="a">NNU</subfield><subfield code="b">WEB</subfield><subfield code="c">GENI</subfield><subfield code="t">0</subfield><subfield code="m">Electronic access</subfield><subfield code="s">01</subfield></datafield><datafield ind1=" " ind2=" " tag="999"><subfield code="i">NNU_001683069</subfield><subfield code="o" /><subfield code="e">(ERROR-880)</subfield></datafield></record>